
@proceedings{goodfellow,
editor = {Ian J. Goodfellow and  Jonathon Shelns and Christian Szegedy},
title = {Explaining and Harnessing Adversarial Examples},
date = 2015
}

@proceedings{momentum,
editor = {Yinpeng Dong and Fangzhou Liao and Tianyu Pang and Hang Su and Jun Zhu and Xiaolin Hu and Jianguo Li},
title = {Boosting Adversarial Attacks with Momentum},
date = 2018
}


@proceedings{frank,
editor = {Jinghui Chen and Dongruo Zhou and Jinfeng Yi and Quanquan Gu },
title = {A Frank-Wolfe Framework for Efficient and Effective Adversarial Attacks},
date = 2019
}

@book{rinaldi,
author = {Francesco Rinaldi},
title = {Optimization for Data Science Notes},
pages = {61--70}, 
year = 2021
}

@proceedings{site,
editor = {},
title = {Boosting Adversarial Attacks with Momentum},
date = 2018
}

@online{keras,
    title = "Keras Applications",
    url  = "https://keras.io/api/applications/",
}
